
% Journals

% First the Full Name is given, then the abbreviation used in the AMS Math
% Reviews, with an indication if it could not be found there.
% Note the 2nd overwrites the 1st, so swap them if you want the full name.

 %IEEE
 @String{Computer = "{IEEE} Computer" }
 

% Publishers % ================================================= |

%Entries

% @Article{Abril07,
%   author        = "Patricia S. Abril and Robert Plant",
%   title         = "An Approach for Schema Extraction of JSON and Extended JSON Document Collections",
%   journal       = "Communications of the ACM",
%   volume        = "50",
%   number        = "1",
%   month         = jan,
% }




@inproceedings{8424731,
  title={An Approach for Schema Extraction of JSON and Extended JSON Document Collections}, 
  author={Frozza, Angelo Augusto and Mello, Ronaldo dos Santos and Costa, Felipe de Souza da},
  booktitle={2018 IEEE International Conference on Information Reuse and Integration (IRI)}, 
  year={2018},
  volume={},
  number={},
  pages={356-363},
  doi={10.1109/IRI.2018.00060}
  }

  
@misc{SONSchemaDiscovery2013,
  author = {Sam Anzaroot and
               Alexandre Passos and
               David Belanger and
               Andrew McCallum},
  title = {SONSchemaDiscovery},
  year = {2017},
  publisher = {GitHub},
  journal = {GitHub repository},
  howpublished = {\url{https://github.com/gbd-ufsc/JSONSchemaDiscovery.git}},
  commit = {5f819f8fe60f29439d9cc34476daefe35645a840}
}